@inproceedings{boneh2001identity,
  title={Identity-based encryption from the Weil pairing},
  author={Boneh, Dan and Franklin, Matt},
  booktitle={Advances in Cryptology CRYPTO 2001},
  pages={213--229},
  year={2001},
  organization={Springer}
}
@inproceedings{rial2011privacy,
  title={Privacy-preserving smart metering},
  author={Rial, Alfredo and Danezis, George},
  booktitle={Proceedings of the 10th annual ACM workshop on Privacy in the electronic society},
  pages={49--60},
  year={2011},
  organization={ACM}
}
@inproceedings{danezis2011differentially,
  title={Differentially private billing with rebates},
  author={Danezis, George and Kohlweiss, Markulf and Rial, Alfredo},
  booktitle={Information Hiding},
  pages={148--162},
  year={2011},
  organization={Springer}
}

@online{dai20095:Online,
author = {Dai, Wei},
title = {Crypto++ 5.6. 0 benchmarks},
year = {2009},
note="\url {http://www.cryptopp.com/benchmarks.html}",
}

@online{Havasupai:Online,
title = {Havasupai Tribe and the lawsuit settlement aftermath},
year = {1989},
note="\url {http://genetics.ncai.org/case-study/havasupai-Tribe.cfm}",
}
@online{Tribe:Online,
title = {Havasupai Tribe and the lawsuit settlement aftermath},
year = {2010},
note="\url {http://www.nytimes.com/2010/04/22/us/22dna.html?pagewanted=all&_r=2&}",
}

@inproceedings{popa2009vpriv,
  title={VPriv: Protecting Privacy in Location-Based Vehicular Services.},
  author={Popa, Raluca A and Balakrishnan, Hari and Blumberg, Andrew J},
  booktitle={USENIX security symposium},
  pages={335--350},
  year={2009}
}

@article{ma2013privacy,
  title={Privacy vulnerability of published anonymous mobility traces},
  author={Ma, Chris YT and Yau, David KY and Yip, Nung Kwan and Rao, Nageswara SV},
  journal={Networking, IEEE/ACM Transactions on},
  volume={21},
  number={3},
  pages={720--733},
  year={2013},
  publisher={IEEE}
}
@inproceedings{mokbel2006new,
  title={The new Casper: query processing for location services without compromising privacy},
  author={Mokbel, Mohamed F and Chow, Chi-Yin and Aref, Walid G},
  booktitle={Proceedings of the 32nd international conference on Very large data bases},
  pages={763--774},
  year={2006},
  organization={VLDB Endowment}
}

@inproceedings{jorns2007privacy,
  title={A privacy enhancing mechanism based on pseudonyms for identity protection in location-based services},
  author={Jorns, Oliver and Quirchmayr, Gerald and Jung, Oliver},
  booktitle={Proceedings of the fifth Australasian symposium on ACSW frontiers-Volume 68},
  pages={133--142},
  year={2007},
  organization={Australian Computer Society, Inc.}
}

@incollection{khoshgozaran2007blind,
  title={Blind evaluation of nearest neighbor queries using space transformation to preserve location privacy},
  author={Khoshgozaran, Ali and Shahabi, Cyrus},
  booktitle={Advances in Spatial and Temporal Databases},
  pages={239--257},
  year={2007},
  publisher={Springer}
}

@article{ma2013privacy,
  title={Privacy vulnerability of published anonymous mobility traces},
  author={Ma, Chris YT and Yau, David KY and Yip, Nung Kwan and Rao, Nageswara SV},
  journal={Networking, IEEE/ACM Transactions on},
  volume={21},
  number={3},
  pages={720--733},
  year={2013},
  publisher={IEEE}
}

@article{de2013unique,
  title={Unique in the Crowd: The privacy bounds of human mobility},
  author={de Montjoye, Yves-Alexandre and Hidalgo, C{\'e}sar A and Verleysen, Michel and Blondel, Vincent D},
  journal={Scientific reports},
  volume={3},
  year={2013},
  publisher={Nature Publishing Group}
}

@Article{USNIST2014SmartGrid:Online,
author = {U.S. NIST},
title = {NIST Framework and Roadmap for Smart Grid Interoperability Standards, Release 3.0},
journal={National Institute of Standards and Technology},
year = {2014},
note="\url{http://www.nist.gov/smartgrid/upload/Draft-NIST-SG-Framework-3.pdf}",
}

@inproceedings{erkin2012private,
  title={Private computation of spatial and temporal power consumption with smart meters},
  author={Erkin, Zekeriya and Tsudik, Gene},
  booktitle={Applied Cryptography and Network Security},
  pages={561--577},
  year={2012},
  organization={Springer}
}

@inproceedings{chaum1991group,
  title={Group signatures},
  author={Chaum, David and Van Heyst, Eug{\`e}ne},
  booktitle={EUROCRYPT 91},
  pages={257--265},
  year={1991},
  organization={Springer}
}
@article{lagendijk2013encrypted,
  title={Encrypted signal processing for privacy protection: Conveying the utility of homomorphic encryption and multiparty computation},
  author={Lagendijk, Reginald L and Erkin, Zekeriya and Barni, Mauro},
  journal={IEEE Signal Processing Magazine},
  volume={30},
  number={1},
  pages={82--105},
  year={2013},
  publisher={IEEE}
}

@article{liu2014achieving,
  title={Achieving Accountability in Smart Grid},
  author={Liu, Jing and Xiao, Yang and Gao, Jingcheng},
  journal={IEEE Systems Journal},
  volume={8},
  number={2},
  pages={493--508},
  year={2014},
  publisher={IEEE}
}
@incollection{jagadeesan2009towards,
  title={Towards a theory of accountability and audit},
  author={Jagadeesan, Radha and Jeffrey, Alan and Pitcher, Corin and Riely, James},
  booktitle={Computer Security--ESORICS 2009},
  pages={152--167},
  year={2009},
  publisher={Springer}
}

@inproceedings{truderung2010accountability,
  title={Accountability: definition and relationship to verifiability},
  author={Truderung, Tomasz and Vogt, Andreas and others},
  booktitle={Proceedings of the 17th ACM conference on Computer and communications security},
  pages={526--535},
  year={2010},
  organization={ACM}
}

@inproceedings{feigenbaum2011towards,
  title={Towards a formal model of accountability},
  author={Feigenbaum, Joan and Jaggard, Aaron D and Wright, Rebecca N},
  booktitle={Proceedings of the 2011 workshop on New security paradigms workshop},
  pages={45--56},
  year={2011},
  organization={ACM}
}

@inproceedings{ko1993analysis,
  title={Analysis of an algorithm for distributed recognition and accountability},
  author={Ko, Calvin and Frincke, Deborah A and Goan Jr, Terrance and Heberlein, Todd and Levitt, Karl and Mukherjee, Biswanath and Wee, Christopher},
  booktitle={Proceedings of the 1st ACM conference on Computer and communications security},
  pages={154--164},
  year={1993},
  organization={ACM}
}

@inproceedings{anderson2010security,
  title={On the Security Economics of Electricity Metering.},
  author={Anderson, Ross and Fuloria, Shailendra},
  booktitle={WEIS},
  year={2010},
  organization={Citeseer}
}

@incollection{garcia2011privacy,
  title={Privacy-friendly energy-metering via homomorphic encryption},
  author={Garcia, Flavio D and Jacobs, Bart},
  booktitle={Security and Trust Management},
  pages={226--238},
  year={2011},
  publisher={Springer}
}

@incollection{bauer2009recognizing,
  title={Recognizing the use-mode of kitchen appliances from their current consumption},
  author={Bauer, Gerald and Stockinger, Karl and Lukowicz, Paul},
  booktitle={Smart sensing and context},
  pages={163--176},
  year={2009},
  publisher={Springer}
}

@techreport{rabin1979digital,
  title={Digital signatures and public key functions as intractable as factoring},
  author={Rabin, MO},
  year={1979},
  institution={Technical Memo TM-212, Lab. for Computer Science, MIT}
}
@article{chen2003new,
  title={A New ID-based Group Signature Scheme from Bilinear Pairings.},
  author={Chen, Xiaofeng and Zhang, Fangguo and Kim, Kwangjo},
  journal={IACR Cryptology ePrint Archive},
  volume={2003},
  pages={116},
  year={2003},
  publisher={Citeseer}
}
@book{menezes1996handbook,
  title={Handbook of applied cryptography},
  author={Menezes, Alfred J and Van Oorschot, Paul C and Vanstone, Scott A},
  year={1996},
  publisher={CRC press}
}
@incollection{choon2002identity,
  title={An identity-based signature from gap Diffie-Hellman groups},
  author={Choon, Jae Cha and Cheon, Jung Hee},
  booktitle={Public key cryptography--PKC 2003},
  pages={18--30},
  year={2002},
  publisher={Springer}
}
@inproceedings{hess2003efficient,
  title={Efficient identity based signature schemes based on pairings},
  author={Hess, Florian},
  booktitle={Selected Areas in Cryptography},
  pages={310--324},
  year={2003},
  organization={Springer}
}
@book{blake2005advances,
  title={"Pairing", Advances in elliptic curve cryptography},
  author={Blake, Ian F and Seroussi, Gadiel and Smart, Nigel P},
  volume={317},
  pages={183--213},
  year={2005},
  publisher={Cambridge University Press}
}
@inproceedings{scott2007efficient,
  title={Efficient implementation of cryptographic pairings},
  author={Scott, Mike},
  booktitle={Online]. http://www. pairing-conference. org/2007/invited/Scott slide. pdf},
  year={2007}
}
@article{freeman2010taxonomy,
  title={A taxonomy of pairing-friendly elliptic curves},
  author={Freeman, David and Scott, Michael and Teske, Edlyn},
  journal={Journal of cryptology},
  volume={23},
  number={2},
  pages={224--280},
  year={2010},
  publisher={Springer}
}
@article{erkin2013privacy,
  title={Privacy-preserving data aggregation in smart metering systems: An overview},
  author={Erkin, Zekeriya and Troncoso-Pastoriza, Juan Ram{\'o}n and Lagendijk, Reginald L and Perez-Gonzalez, Fernando},
  journal={IEEE Signal Processing Magazine},
  volume={30},
  number={2},
  pages={75--86},
  year={2013},
  publisher={IEEE}
}
@article{pinkas2002cryptographic,
  title={Cryptographic techniques for privacy-preserving data mining},
  author={Pinkas, Benny},
  journal={ACM SIGKDD Explorations Newsletter},
  volume={4},
  number={2},
  pages={12--19},
  year={2002},
  publisher={ACM}
}
@article{magkos2011cryptographic,
  title={Cryptographic approaches for privacy preservation in location-based services: a survey},
  author={Magkos, Emmanouil},
  journal={International Journal of Information Technologies and Systems Approach (IJITSA)},
  volume={4},
  number={2},
  pages={48--69},
  year={2011},
  publisher={IGI Global}
}
@inproceedings{paillier1999public,
  title={Public-key cryptosystems based on composite degree residuosity classes},
  author={Paillier, Pascal},
  booktitle={Advances in cryptology--EUROCRYPT 1999},
  pages={223--238},
  year={1999},
  organization={Springer}
}
@article{shamir1979share,
  title={How to share a secret},
  author={Shamir, Adi},
  journal={Communications of the ACM},
  volume={22},
  number={11},
  pages={612--613},
  year={1979},
  publisher={ACM}
}
@article{hu2012verifiable,
  title={Verifiable multi-secret sharing based on LFSR sequences},
  author={Hu, Chunqiang and Liao, Xiaofeng and Cheng, Xiuzhen},
  journal={Theoretical Computer Science},
  volume={445},
  pages={52--62},
  year={2012},
  publisher={Elsevier}
}
@article{rottondi2013distributed,
  title={Distributed privacy-preserving aggregation of metering data in smart grids},
  author={Rottondi, Cristina and Verticale, Giacomo and Krauss, Christoph},
  journal={IEEE Journal on Selected Areas in Communications},
  volume={31},
  number={7},
  pages={1342--1354},
  year={2013},
  publisher={IEEE}
}

@article{paulet2014privacy,
  title={Privacy-preserving and content-protecting location based queries},
  author={Paulet, Russell and Kaosar, Md Golam and Yi, Xun and Bertino, Elisa},
  journal={Knowledge and Data Engineering, IEEE Transactions on},
  volume={26},
  number={5},
  pages={1200--1210},
  year={2014},
  publisher={IEEE}
}

@inproceedings{ghinita2008private,
  title={Private queries in location based services: anonymizers are not necessary},
  author={Ghinita, Gabriel and Kalnis, Panos and Khoshgozaran, Ali and Shahabi, Cyrus and Tan, Kian-Lee},
  booktitle={Proceedings of the 2008 ACM SIGMOD international conference on Management of data},
  pages={121--132},
  year={2008},
  organization={ACM}
}

@inproceedings{li2010secure,
  title={Secure information aggregation for smart grids using homomorphic encryption},
  author={Li, Fenjun and Luo, Bo and Liu, Peng},
  booktitle={Smart Grid Communications (SmartGridComm), 2010 First IEEE International Conference on},
  pages={327--332},
  year={2010},
  organization={IEEE}
}
@inproceedings{acs2011have,
  title={I have a DREAM!(DiffeRentially privatE smArt Metering)},
  author={Acs, Gergely and Castelluccia, Claude},
  booktitle={Information Hiding},
  pages={118--132},
  year={2011},
  organization={Springer}
}
@book{buttyan2007security,
  title={Security and cooperation in wireless networks},
  author={Buttyan, Levente and Hubaux, Jean-Pierre},
  volume={188},
  year={2007},
  publisher={Cambridge University Press Cambridge}
}
@article{krumm2009survey,
  title={A survey of computational location privacy},
  author={Krumm, John},
  journal={Personal and Ubiquitous Computing},
  volume={13},
  number={6},
  pages={391--399},
  year={2009},
  publisher={Springer}
}
@inproceedings{decker2008location,
  title={Location privacy-an overview},
  author={Decker, Michael},
  booktitle={Mobile Business, 2008. ICMB'08. 7th International Conference on},
  pages={221--230},
  year={2008},
  organization={IEEE}
}
@article{wen2013parq,
  title={PARQ: A privacy-preserving range query scheme over encrypted metering data for smart grid},
  author={Wen, Mi and Lu, Rongxing and Zhang, Kuan and Lei, Jingsheng and Liang, Xiaohui and Shen, XUEMIN},
  journal={IEEE Transactions on Emerging Topics in Computing},
  volume={1},
  number={1},
  pages={178--191},
  year={2013},
  publisher={IEEE}
}
@article{li2013eppdr,
  title={EPPDR: an efficient privacy-preserving demand response scheme with adaptive key evolution in smart grid},
  author={Li, Hongwei and Lin, Xiaodong and Yang, Haomiao and Liang, Xiaohui and Lu, Rongxing and Shen, X},
  journal = {IEEE Transactions on Parallel and Distributed Systems},
  volume={25},
  number={8},
  pages={2053--2064},
  year = {2014},
  publisher={IEEE}
}
@article{rivest1978data,
  title={On data banks and privacy homomorphisms},
  author={Rivest, Ronald L and Adleman, Len and Dertouzos, Michael L},
  journal={Foundations of secure computation},
  volume={4},
  number={11},
  pages={169--180},
  year={1978}
}
@inproceedings{gentry2009fully,
  title={Fully homomorphic encryption using ideal lattices.},
  author={Gentry, Craig},
  booktitle={STOC},
  volume={9},
  pages={169--178},
  year={2009}
}
@incollection{van2010fully,
  title={Fully homomorphic encryption over the integers},
  author={Van Dijk, Marten and Gentry, Craig and Halevi, Shai and Vaikuntanathan, Vinod},
  booktitle={Advances in Cryptology--EUROCRYPT 2010},
  pages={24--43},
  year={2010},
  publisher={Springer}
}
@incollection{smart2010fully,
  title={Fully homomorphic encryption with relatively small key and ciphertext sizes},
  author={Smart, Nigel P and Vercauteren, Frederik},
  booktitle={Public Key Cryptography--PKC 2010},
  pages={420--443},
  year={2010},
  publisher={Springer}
}
@incollection{brakerski2011fully,
  title={Fully homomorphic encryption from ring--LWE and security for key dependent messages},
  author={Brakerski, Zvika and Vaikuntanathan, Vinod},
  booktitle={Advances in Cryptology--CRYPTO 2011},
  pages={505--524},
  year={2011},
  publisher={Springer}
}
@inproceedings{gentry2011fully,
  title={Fully homomorphic encryption without squashing using depth-3 arithmetic circuits},
  author={Gentry, Craig and Halevi, Shai},
  booktitle={Foundations of Computer Science (FOCS), 2011 IEEE 52nd Annual Symposium on},
  pages={107--109},
  year={2011},
  organization={IEEE}
}
@article{brakerski2014efficient,
  title={Efficient fully homomorphic encryption from (standard) LWE},
  author={Brakerski, Zvika and Vaikuntanathan, Vinod},
  journal={SIAM Journal on Computing},
  volume={43},
  number={2},
  pages={831--871},
  year={2014},
  publisher={SIAM}
}


@article{hart1992nonintrusive,
  title={Nonintrusive appliance load monitoring},
  author={Hart, George William},
  journal={Proceedings of the IEEE},
  volume={80},
  number={12},
  pages={1870--1891},
  year={1992},
  publisher={IEEE}
}
@article{hart1989residential,
  title={Residential energy monitoring and computerized surveillance via utility power flows},
  author={Hart, George W},
  journal={IEEE Technology and Society Magazine},
  volume={8},
  number={2},
  pages={12--16},
  year={1989},
  publisher={IEEE}
}
@inproceedings{molina2010private,
  title={Private memoirs of a smart meter},
  author={Molina-Markham, Andr{\'e}s and Shenoy, Prashant and Fu, Kevin and Cecchet, Emmanuel and Irwin, David},
  booktitle={Proceedings of the 2nd ACM workshop on embedded sensing systems for energy-efficiency in building},
  pages={61--66},
  year={2010},
  organization={ACM}
}
@inproceedings{chia2012challenges,
  title={Challenges and Opportunities in Infrastructure Support for Electric Vehicles and Smart Grid in a dense urban environment-Singapore},
  author={Chia, MY-W and Krishnan, Sivanand and Zhou, Jianying},
  booktitle={Electric Vehicle Conference (IEVC), 2012 IEEE International},
  pages={1--6},
  year={2012},
  organization={IEEE}
}
@incollection{golle2009anonymity,
  title={On the anonymity of home/work location pairs},
  author={Golle, Philippe and Partridge, Kurt},
  booktitle={Pervasive Computing},
  pages={390--397},
  year={2009},
  publisher={Springer}
}
@article{hoh2006enhancing,
  title={Enhancing security and privacy in traffic-monitoring systems},
  author={Hoh, Baik and Gruteser, Marco and Xiong, Hui and Alrabady, Ansaf},
  journal={IEEE Pervasive Computing},
  volume={5},
  number={4},
  pages={38--46},
  year={2006},
  publisher={IEEE}
}
@article{liao2007learning,
  title={Learning and inferring transportation routines},
  author={Liao, Lin and Patterson, Donald J and Fox, Dieter and Kautz, Henry},
  journal={Artificial Intelligence},
  volume={171},
  number={5},
  pages={311--331},
  year={2007},
  publisher={Elsevier}
}
@incollection{liu2012enhancing,
  title={Enhancing location privacy for electric vehicles (at the right time)},
  author={Liu, Joseph K and Au, Man Ho and Susilo, Willy and Zhou, Jianying},
  booktitle={Computer Security--ESORICS 2012},
  pages={397--414},
  year={2012},
  publisher={Springer}
}
@article{au2014new,
  title={A new payment system for enhancing location privacy of electric vehicles},
  author={Au, M and Liu, J and Fang, Jun-bin and Jiang, Z and Susilo, Willy and Zhou, Jianying},
  journal={IEEE Transactions on Vehicular Technology},
  volume={63},
  number={1},
  pages={3--18},
  year={2014},
  publisher={IEEE}
}
@inproceedings{zhong2008toward,
  title={Toward a distributed k-anonymity protocol for location privacy},
  author={Zhong, Ge and Hengartner, Urs},
  booktitle={Proceedings of the 7th ACM workshop on Privacy in the electronic society},
  pages={33--38},
  year={2008},
  organization={ACM}
}
@inproceedings{zhong2009distributed,
  title={A distributed k-anonymity protocol for location privacy},
  author={Zhong, Ge and Hengartner, Urs},
  booktitle={Pervasive Computing and Communications, 2009. PerCom 2009. IEEE International Conference on},
  pages={1--10},
  year={2009},
  organization={IEEE}
}
@incollection{blake2004strong,
  title={Strong conditional oblivious transfer and computing on intervals},
  author={Blake, Ian F and Kolesnikov, Vladimir},
  booktitle={Advances in Cryptology-ASIACRYPT 2004},
  pages={515--529},
  year={2004},
  publisher={Springer}
}
@article{hu2013body,
  title={Body area network security: A fuzzy attribute-based signcryption scheme},
  author={Hu, Chunqiang and Zhang, Nan and Li, Hongjuan and Cheng, Xiuzhen and Liao, Xiaofeng},
  journal={Selected Areas in Communications, IEEE Journal on},
  volume={31},
  number={9},
  pages={37--46},
  year={2013},
  publisher={IEEE}
}

@inproceedings{varodayan2011smart,
  title={Smart meter privacy using a rechargeable battery: Minimizing the rate of information leakage},
  author={Varodayan, David and Khisti, Ashish},
  booktitle={Acoustics, Speech and Signal Processing (ICASSP), 2011 IEEE International Conference on},
  pages={1932--1935},
  year={2011},
  organization={IEEE}
}

@inproceedings{kalogridis2010privacy,
  title={Privacy for smart meters: Towards undetectable appliance load signatures},
  author={Kalogridis, Georgios and Efthymiou, Costas and Denic, Stojan Z and Lewis, Tim A and Cepeda, Rafael},
  booktitle={Smart Grid Communications (SmartGridComm), 2010 First IEEE International Conference on},
  pages={232--237},
  year={2010},
  organization={IEEE}
}

@inproceedings{Rottondi2012greencom,
    author = {C. Rottondi and G. Mauri and G. Verticale},
    title = {A data Pseudonymization Protocol for Smart Grids},
    booktitle = {IEEE Online Conference on Green Communications (GreenCom)},
    year = {2012},
    pages = {68-73},
    month = {September 25-28},
}

@inproceedings{Efthymiou2010smartgridcomm,
  author = {C. Efthymiou and G. Kalogridis},
  title = {Smart grid privacy via anonymization of smart metering data},
  booktitle  = {First IEEE International Conference on Smart Grid Communications (SmartGridComm)},
  year = {2010},
  month = {October},
  pages = {238-243},
  }

@incollection{ge2013preserving,
  title={Preserving User Privacy in the Smart Grid by Hiding Appliance Load Characteristics},
  author={Ge, Baosheng and Zhu, Wen-Tao},
  booktitle={Cyberspace Safety and Security},
  pages={67--80},
  year={2013},
  publisher={Springer}
}
@inproceedings{Jawurek2011acsac,
  author = {M. Jawurek and M. Johns and K. Rieck},
  title = {Smart metering depseudonymization},
  booktitle = {Proceedings of the 27th Annual Computer Security Applications Conference},
  year = {2011},
  pages ={227-236}
  }
@inproceedings{jawurek2011plug,
  title={Plug-in privacy for smart metering billing},
  author={Jawurek, Marek and Johns, Martin and Kerschbaum, Florian},
  booktitle={Privacy Enhancing Technologies},
  pages={192--210},
  year={2011},
  organization={Springer}
}
@article{Hart92,
  author = {G. Hart},
  title = {Nonintrusive appliance load monitoring},
  journal = {Proceedings of the IEEE},
  volume = {80},
  number = {12},
  pages = {1870 -1891},
  month = {December},
  year = {1992},
  }


@incollection{maji11abs,
  title={Attribute-based signatures},
  author={Maji, Hemanta K and Prabhakaran, Manoj and Rosulek, Mike},
  booktitle={Topics in Cryptology--CT-RSA 2011},
  pages={376--392},
  year={2011},
  publisher={Springer}
}

@incollection{gagne2010threshold,
  title={Threshold attribute-based signcryption},
  author={Gagn{\'e}, Martin and Narayan, Shivaramakrishnan and Safavi-Naini, Reihaneh},
  booktitle={Security and Cryptography for Networks},
  pages={154--171},
  year={2010},
  publisher={Springer}
}

@article{akinyele2013charm,
  title={Charm: A framework for rapidly prototyping cryptosystems},
  author={Akinyele, Joseph A and Garman, Christina and Miers, Ian and Pagano, Matthew W and Rushanan, Michael and Green, Matthew and Rubin, Aviel D},
  journal={Journal of Cryptographic Engineering},
  volume={3},
  number={2},
  pages={111--128},
  year={2013},
  publisher={Springer}
}

@Article{USNIST2014SmartGrid:Online,
author = {U.S. NIST},
title = {NIST Framework and Roadmap for Smart Grid Interoperability Standards, Release 3.0},
journal={National Institute of Standards and Technology},
year = {2014},
url = {http://www.nist.gov/smartgrid/upload/Draft-NIST-SG-Framework-3.pdf}
}


@inproceedings{liICDCS2015,
  title={Efficient Customized Privacy Preserving Friend Discovery in Mobile Social Networks},
  author={Li, Hongjuan and Cheng, Xiuzhen and Li, Keqiu and Tian, Zhi},
  booktitle={IEEE ICDCS 2015},
  year={2015},
  organization={IEEE}
}

@phdthesis{pbclibrary,
  title={On the implementation of pairing-based cryptosystems},
  author={Lynn, Ben},
  year={2007},
  school={Stanford University}
}

@article{zhang2011application,
  title={Application-aware secure multicast for power grid communications},
  author={Zhang, Jianqing and Gunter, Carl A},
  journal={International Journal of Security and Networks},
  volume={6},
  number={1},
  pages={40--52},
  year={2011},
  publisher={Inderscience}
}

@inproceedings{su2009ocast,
  title={ocast: Optimal multicast routing protocol for wireless sensor networks},
  author={Su, Lu and Ding, Bolin and Yang, Yong and Abdelzaher, Tarek F and Cao, Guohong and Hou, Jennifer C},
  booktitle={Network Protocols, 2009. ICNP 2009. 17th IEEE International Conference on},
  pages={151--160},
  year={2009},
  organization={IEEE}
}

@inproceedings{nicanfar2011smart,
  title={Smart grid authentication and key management for unicast and multicast communications},
  author={Nicanfar, H and Jokar, P and Leung, Victor CM},
  booktitle={Innovative Smart Grid Technologies Asia (ISGT), 2011 IEEE PES},
  pages={1--8},
  year={2011},
  publisher={IEEE}
}
@article{gao2012social,
  title={Social-aware multicast in disruption-tolerant networks},
  author={Gao, Wei and Li, Qinghua and Zhao, Bo and Cao, Guohong},
  journal={IEEE/ACM Transactions on Networking (TON)},
  volume={20},
  number={5},
  pages={1553--1566},
  year={2012},
  publisher={IEEE Press}
}
@inproceedings{gao2009multicasting,
  title={Multicasting in delay tolerant networks: a social network perspective},
  author={Gao, Wei and Li, Qinghua and Zhao, Bo and Cao, Guohong},
  booktitle={Proceedings of the tenth ACM international symposium on Mobile ad hoc networking and computing},
  pages={299--308},
  year={2009},
  organization={ACM}
}
@article{mntcurve,
  title={New explicit conditions of elliptic curve traces for FR-reduction},
  author={Miyaji, Atsuko and Nakabayashi, Masaki and Takano, Shunzou},
  journal={IEICE transactions on fundamentals of electronics, communications and computer sciences},
  volume={84},
  number={5},
  pages={1234--1243},
  year={2001},
  publisher={The Institute of Electronics, Information and Communication Engineers}
}

@inproceedings{bncurve,
  title={Pairing-friendly elliptic curves of prime order},
  author={Barreto, Paulo SLM and Naehrig, Michael},
  booktitle={Selected areas in cryptography},
  pages={319--331},
  year={2006},
  organization={Springer}
}

@incollection{scott2011efficient,
  title={On the efficient implementation of pairing-based protocols},
  author={Scott, Michael},
  booktitle={Cryptography and Coding},
  pages={296--308},
  year={2011},
  publisher={Springer}
}


@article{SCADA_04,
  title={Supervisory Control and Data Acquisition (SCADA) Systems},
  author={Baker, G.H. and Berg, A.},
  journal={The Critical Infrastructure Protection Report},
  volume={1},
  number={6},
  pages={5--6},
  year={2002}
}

@misc{NITS_10,
	institution = {U.S. NIST},
	Date-Added = {2012-09-03 21:14:15 +0000},
	Date-Modified = {2012-09-03 22:02:55 +0000},
	Month = {Aug},
	Number = {NIST IR-7628},
	Title = {Guidelines for smart grid cyber security (vol. 1 to 3)},
	howpublished = {http://csrc.nist.gov/publications/PubsNISTIRs.html},
	Volume = {1 to 3},
	Year = {2010},
	Bdsk-Url-1 = {http://csrc.nist.gov/publications/PubsNISTIRs.html}}

@article{kaplan_09,
	Author = {Kaplan, S. M},
	Date-Added = {2012-09-03 21:06:19 +0000},
	Date-Modified = {2012-09-03 21:12:03 +0000},
	Journal = {The Capital.Net},
	Pages = {1-42},
	Title = {Electrical Power Transmission: Background and Policy Issues},
	Volume = {Government Series},
	Year = {2009}}

@article{wangsecurity,
	Author = {Wang, X. and Yi, P.},
	Journal = {Smart Grid, IEEE Transactions on},
	Number = {99},
	Pages = {809 - 818},
	Publisher = {IEEE},
	Title = {Security Framework for Wireless Communications in Smart Distribution Grid},
	Year = {2011}}
@article{HuVMSS12,
  author = {Chunqiang Hu and Xiaofeng Liao and Xiuzhen Cheng},
  title = {Verifiable Multi-Secret Sharing Based on LRSR Sequences},
  journal = {Theoretical Computer Science},
  volume = {445},
  pages = {52-62},
  month = {August},
  year = {2012},
}
@article{shamir1979share,
  title={How to share a secret},
  author={Shamir, A.},
  journal={Communications of the ACM},
  volume={22},
  number={11},
  pages={612--613},
  year={1979},
}

@article{wang2013cyber,
  title={Cyber security in the Smart Grid: Survey and challenges},
  author={WANG, WENYE and LU, ZHUO},
  journal={Computer networks},
  volume={57},
  number={5},
  pages={1344--1371},
  year={2013},
  publisher={Elsevier}
}
@inproceedings{wander2005energy,
  title={Energy analysis of public-key cryptography for wireless sensor networks},
  author={Wander, A.S. and Gura, N. and Eberle, H. and Gupta, V. and Shantz, S.C.},
  booktitle={PerCom 2005},
  pages={324--328},
  year={2005},
}
@inproceedings{bertoni2005computing,
  title={Computing tate pairing on smartcards},
  author={Bertoni, GM and Chen, L. and Fragneto, P. and Harrison, KA and Pelosi, G.},
  booktitle={[Online]. http://www. st. com/stonline/products/families/smartcard/ches2005 v4. pdf},
  year={2005},
}
@inproceedings{zimmer2010fault,
  title={Fault Tolerant Network Routing through Software Overlays for Intelligent Power Grids},
  author={Zimmer, C. and Mueller, F.},
  booktitle={Parallel and Distributed Systems (ICPADS), 2010 IEEE 16th International Conference on},
  pages={542--549},
  year={2010},
  organization={IEEE}
}

@article{li2011multicast,
  title={Multicast authentication in the smart grid with one-time signature},
  author={Li, Qinghua and Cao, Guohong},
  journal={Smart Grid, IEEE Transactions on},
  volume={2},
  number={4},
  pages={686--696},
  year={2011},
  publisher={IEEE}
}

@article{ren2009secure,
  title={Secure and efficient multicast in wireless sensor networks allowing ad hoc group formation},
  author={Ren, Kui and Lou, Wenjing and Zhu, Bo and Jajodia, Sushil},
  journal={Vehicular Technology, IEEE Transactions on},
  volume={58},
  number={4},
  pages={2018--2029},
  year={2009},
  publisher={IEEE}
}

@article{ipakchi2009grid,
  title={Grid of the future},
  author={Ipakchi, A. and Albuyeh, F.},
  journal={Power and Energy Magazine, IEEE},
  volume={7},
  number={2},
  pages={52--62},
  year={2009},
  publisher={IEEE}
}

@inproceedings{neumann2004horse,
  title={HORSE: an extension of an r-time signature scheme with fast signing and verification},
  author={Neumann, W.D.},
  booktitle={Information Technology: Coding and Computing, 2004. Proceedings. ITCC 2004. International Conference on},
  volume={1},
  pages={129--134},
  year={2004},
  organization={IEEE}
}

@inproceedings{perrig2001biba,
  title={The BiBa one-time signature and broadcast authentication protocol},
  author={Perrig, A.},
  booktitle={Proceedings of the 8th ACM conference on Computer and Communications Security},
  pages={28--37},
  year={2001},
  organization={ACM}
}

@inproceedings{reyzin2002better,
  title={Better than BiBa: Short one-time signatures with fast signing and verifying},
  author={Reyzin, L. and Reyzin, N.},
  booktitle={Information Security and Privacy},
  pages={1--47},
  year={2002},
  organization={Springer}
}

@inproceedings{wang2009time,
  title={Time valid one-time signature for time-critical multicast data authentication},
  author={Wang, Q. and Khurana, H. and Huang, Y. and Nahrstedt, K.},
  booktitle={INFOCOM 2009, IEEE},
  pages={1233--1241},
  year={2009},
  organization={IEEE}
}

@article{perrig2005tesla,
  title={The TESLA broadcast authentication protocol},
  author={Perrig, A. and Canetti, R. and Tygar, J.D. and Song, D.},
  journal = { CryptoBytes},
  volume = {5},
  number = {2},
  pages = {2-13},
  year={2002},
}

@article{kgwadi2011securing,
  title={Securing RDS broadcast messages for smart grid applications},
  author={Kgwadi, M. and Kunz, T.},
  journal={International Journal of Autonomous and Adaptive Communications Systems},
  volume={4},
  number={4},
  pages={412--426},
  year={2011},
  publisher={Inderscience}
}

@inproceedings{guo2011batch,
  title={A Batch Authentication Protocol for V2G Communications},
  author={Guo, H. and Wu, Y. and Chen, H. and Ma, M.},
  booktitle={New Technologies, Mobility and Security (NTMS), 2011 4th IFIP International Conference on},
  pages={1--5},
  year={2011},
  organization={IEEE}
}

@article{lu2012eppa,
  title={EPPA: An Efficient and Privacy-Preserving Aggregation Scheme for Secure Smart Grid Communications},
  author={Lu, R. and Liang, X. and Li, X. and Lin, X. and Shen, X. and others},
  journal={IEEE Trans. on Parallel and Distributed Systems},
  year={2012}
}

@inproceedings{li2012efficient,
  title={Efficient Authentication Scheme for Data Aggregation in Smart Grid with Fault Tolerance and Fault Diagnosis},
  author={Li, D. and Aung, Z. and Williams, J. and Sanchez, A.},
  booktitle={at The 2012 IEEE Power and Energy Society Conference on Innovative Smart Grid Technologies, Washington DC, USA},
  pages={1-8},
  year={2012}
}

@article{liu2011false,
  title={False data injection attacks against state estimation in electric power grids},
  author={Liu, Y. and Ning, P. and Reiter, M.K.},
  journal={ACM Transactions on Information and System Security (TISSEC)},
  volume={14},
  number={1},
  pages={13},
  year={2011},
  publisher={ACM}
}

@inproceedings{molina2010private,
  title={Private memoirs of a smart meter},
  author={Molina-Markham, A. and Shenoy, P. and Fu, K. and Cecchet, E. and Irwin, D.},
  booktitle={Proceedings of the 2nd ACM Workshop on Embedded Sensing Systems for Energy-Efficiency in Building},
  pages={61--66},
  year={2010},
  organization={ACM}
}

@article{ruj2011security,
  title={A Security Architecture for Data Aggregation and Access Control in Smart Grids},
  author={Ruj, S. and Nayak, A. and Stojmenovic, I.},
  journal={Arxiv preprint arXiv:1111.2619},
  year={2011}
}

@inproceedings{naruchitparames2011secure,
  title={Secure communications in the smart grid},
  author={Naruchitparames, J. and Gunes, M.H. and Evrenosoglu, C.Y.},
  booktitle={Consumer Communications and Networking Conference (CCNC), 2011 IEEE},
  pages={1171--1175},
  year={2011},
  organization={IEEE}
}

@inproceedings{bethencourt2007ciphertext,
  title={Ciphertext-policy attribute-based encryption},
  author={Bethencourt, J. and Sahai, A. and Waters, B.},
  booktitle={Security and Privacy, 2007. SP'07. IEEE Symposium on},
  pages={321--334},
  year={2007},
  organization={IEEE}
}

@article{liu2012cyber,
  title={Cyber security and privacy issues in smart grids},
  author={Liu, Jing and Xiao, Yang and Li, Shuhui and Liang, Wei and Chen, CL},
  journal={Communications Surveys \& Tutorials, IEEE},
  volume={14},
  number={4},
  pages={981--997},
  year={2012},
  publisher={IEEE}
}
@article{sahai2005fuzzy,
  title={Fuzzy identity-based encryption},
  author={Sahai, A. and Waters, B.},
  journal={Advances in Cryptology--EUROCRYPT 2005},
  pages={557--557},
  year={2005},
  publisher={Springer}
}
@inproceedings{goyal2006attribute,
  title={Attribute-based encryption for fine-grained access control of encrypted data},
  author={Goyal, V. and Pandey, O. and Sahai, A. and Waters, B.},
  booktitle={Proceedings of the 13th ACM conference on Computer and communications security},
  pages={89--98},
  year={2006},
  organization={ACM}
}

@inproceedings{zhongwei2010security,
  title={Security mechanism for smart distribution grid using Ethernet Passive Optical Network},
  author={Sun Zhongwei and Sitian, Huo and Yaning, Ma and Fengjie, Sun},
  booktitle={2010 2nd International Conference on Advanced Computer Control},
  volume={3},
  pages={246--250},
  year={2010}
}

@article{li2013privacy,
  title={Privacy preservation scheme for multicast communications in smart buildings of the smart grid},
  author={Li, Depeng and Aung, Zeyar and Sampalli, Srinivas and Williams, John and Sanchez, Abel},
  journal={Smart Grid and Renewable Energy},
  volume={4},
  pages={313--324},
  year={2013},
  publisher={Scientific Research Publishing}
}
@article{metke2010security,
  title={Security technology for smart grid networks},
  author={Metke, A.R. and Ekl, R.L.},
  journal={Smart Grid, IEEE Transactions on},
  volume={1},
  number={1},
  pages={99--107},
  year={2010},
  publisher={IEEE}
}
@article{pirretti2010secure,
  title={Secure attribute-based systems},
  author={Pirretti, M. and Traynor, P. and McDaniel, P. and Waters, B.},
  journal={Journal of Computer Security},
  volume={18},
  number={5},
  pages={799--837},
  year={2010},
  publisher={IOS Press}
}

@article{wong2000secure,
  title={Secure group communications using key graphs},
  author={Wong, Chung Kei and Gouda, Mohamed and Lam, Simon S},
  journal={Networking, IEEE/ACM Transactions on},
  volume={8},
  number={1},
  pages={16--30},
  year={2000},
  publisher={IEEE}
}
@inproceedings{kim2000simple,
  title={Simple and fault-tolerant key agreement for dynamic collaborative groups},
  author={Kim, Yongdae and Perrig, Adrian and Tsudik, Gene},
  booktitle={Proceedings of the 7th ACM conference on Computer and communications security},
  pages={235--244},
  year={2000},
  organization={ACM}
}

@article{chase2007multi,
  title={Multi-authority attribute based encryption},
  author={Chase, M.},
  journal={Theory of Cryptography},
  pages={515--534},
  year={2007},
  publisher={Springer}
}

@article{waters2011ciphertext,
  title={Ciphertext-policy attribute-based encryption: An expressive, efficient, and provably secure realization},
  author={Waters, B.},
  journal={Public Key Cryptography--PKC 2011},
  pages={53--70},
  year={2011},
  publisher={Springer}
}

@inproceedings{zhou2010efficient,
  title={On efficient ciphertext-policy attribute based encryption and broadcast encryption},
  author={Zhou, Z. and Huang, D.},
  booktitle={Proceedings of the 17th ACM conference on Computer and communications security},
  pages={753--755},
  year={2010},
  organization={ACM}
}
@article{hu2013body,
  title={Body Area Network Security: A Fuzzy Attribute-Based Signcryption Scheme},
  author={Hu, Chunqiang and Zhang, Nan and Li, Hongjuan and Cheng, Xiuzhen and Liao, Xiaofeng},
  journal={IEEE Journal on Selected Areas in Communications},
  volume={31},
  number={9},
  pages={37--46},
  year={2013},
  publisher={IEEE}
}
@inproceedings{shamir1985identity,
  title={Identity-based cryptosystems and signature schemes},
  author={Shamir, A.},
  booktitle={Advances in cryptology},
  pages={47--53},
  year={1985},
  organization={Springer}
}

@inproceedings{boneh2001identity,
  title={Identity-based encryption from the Weil pairing},
  author={Boneh, D. and Franklin, M.},
  booktitle={Advances in Cryptology��Eurocrypt 2001},
  pages={213--229},
  year={2001},
  organization={Springer}
}

@article{canetti2003forward,
  title={A forward-secure public-key encryption scheme},
  author={Canetti, R. and Halevi, S. and Katz, J.},
  journal={Advances in Cryptology��Eurocrypt 2003},
  pages={646--646},
  year={2003},
  publisher={Springer}
}

@inproceedings{boneh2004efficient,
  title={Efficient selective-ID secure identity-based encryption without random oracles},
  author={Boneh, D. and Boyen, X.},
  booktitle={Advances in Cryptology-EUROCRYPT 2004},
  pages={223--238},
  year={2004},
  organization={Springer}
}

@inproceedings{boneh2004secure,
  title={Secure identity based encryption without random oracles},
  author={Boneh, D. and Boyen, X.},
  booktitle={Advances in Cryptology--Crypto 2004},
  pages={197--206},
  year={2004},
  organization={Springer}
}

@article{waters2005efficient,
  title={Efficient identity-based encryption without random oracles},
  author={Waters, B.},
  journal={Advances in Cryptology--EUROCRYPT 2005},
  pages={557--557},
  year={2005},
  publisher={Springer}
}

@article{fadlullahtowards,
  title={Toward secure targeted broadcast in smart grid},
  author={Fadlullah, Z.M. and Kato, N. and Lu, R. and Shen, X. and Nozaki, Y.},
  journal={Communications Magazine, IEEE},
  volume={50},
  number={5},
  pages={150--156},
  year={2012},
  publisher={IEEE},
}

@article{lewko2011decentralizing,
  title={Decentralizing attribute-based encryption},
  author={Lewko, A. and Waters, B.},
  journal={Advances in Cryptology--EUROCRYPT 2011},
  pages={568--588},
  year={2011},
  publisher={Springer},
}

@inproceedings{so2010zero,
  title={Zero-configuration identity-based signcryption scheme for Smart Grid},
  author={So, H.K.H. and Kwok, S.H.M. and Lam, E.Y. and Lui, K.S.},
  booktitle={IEEE International Conference on Smart Grid Communications},
  pages={321--326},
  year={2010},
  organization={IEEE},
  }

@article{saputro2012survey,
  title={A survey of routing protocols for smart grid communications},
  author={Saputro, Nico and Akkaya, Kemal and Uludag, Suleyman},
  journal={Computer Networks},
  volume={56},
  number={11},
  pages={2742--2771},
  year={2012},
  publisher={Elsevier},
  }

@article{erkin2013privacy,
  title={Privacy-Preserving Data Aggregation in Smart Metering Systems: An Overview},
  author={Erkin, Zekeriya and Troncoso-Pastoriza, Juan Ram{\'o}n and Lagendijk, Reginald L and Perez-Gonzalez, Fernando},
  journal={Signal Processing Magazine, IEEE},
  volume={30},
  number={2},
  pages={75--86},
  year={2013},
  publisher={IEEE}
}


@article{beach2008whozthat,
  title={Whozthat? evolving an ecosystem for context-aware mobile social networks},
  author={Beach, Aaron and Gartrell, Mike and Akkala, Sirisha and Elston, Jack and Kelley, John and Nishimoto, Keisuke and Ray, Baishakhi and Razgulin, Sergei and Sundaresan, Karthik and Surendar, Bonnie and others},
  journal={Network, IEEE},
  volume={22},
  number={4},
  pages={50--55},
  year={2008},
  publisher={IEEE}
}
@article{humphreys2007mobile,
  title={Mobile social networks and social practice: A case study of Dodgeball},
  author={Humphreys, Lee},
  journal={Journal of Computer-Mediated Communication},
  volume={13},
  number={1},
  pages={341--360},
  year={2007},
  publisher={Wiley Online Library}
}
@inproceedings{miluzzo2008sensing,
  title={Sensing meets mobile social networks: the design, implementation and evaluation of the cenceme application},
  author={Miluzzo, Emiliano and Lane, Nicholas D and Fodor, Krist{\'o}f and Peterson, Ronald and Lu, Hong and Musolesi, Mirco and Eisenman, Shane B and Zheng, Xiao and Campbell, Andrew T},
  booktitle={Proceedings of the 6th ACM conference on Embedded network sensor systems},
  pages={337--350},
  year={2008},
  organization={ACM}
}
@article{sadeh2009understanding,
  title={Understanding and capturing people's privacy policies in a mobile social networking application},
  author={Sadeh, Norman and Hong, Jason and Cranor, Lorrie and Fette, Ian and Kelley, Patrick and Prabaker, Madhu and Rao, Jinghai},
  journal={Personal and Ubiquitous Computing},
  volume={13},
  number={6},
  pages={401--412},
  year={2009},
  publisher={Springer-Verlag}
}
@article{riley2008tolls,
  title={The tolls of privacy: An underestimated roadblock for electronic toll collection usage},
  author={Riley, Patrick F},
  journal={Computer Law \& Security Review},
  volume={24},
  number={6},
  pages={521--528},
  year={2008},
  publisher={Elsevier}
}
@inproceedings{ravichandran2009capturing,
  title={Capturing social networking privacy preferences},
  author={Ravichandran, Ramprasad and Benisch, Michael and Kelley, Patrick Gage and Sadeh, Norman M},
  booktitle={Privacy Enhancing Technologies},
  pages={1--18},
  year={2009},
  organization={Springer}
}
@inproceedings{von2008veneta,
  title={Veneta: Serverless friend-of-friend detection in mobile social networking},
  author={Von Arb, Marco and Bader, Matthias and Kuhn, Michael and Wattenhofer, Roger},
  booktitle={Networking and Communications, 2008. WIMOB'08. IEEE International Conference on Wireless and Mobile Computing,},
  pages={184--189},
  year={2008},
  organization={IEEE}
}

@inproceedings{narayanan2011location,
  title={Location Privacy via Private Proximity Testing.},
  author={Narayanan, Arvind and Thiagarajan, Narendran and Lakhani, Mugdha and Hamburg, Michael and Boneh, Dan},
  booktitle={NDSS},
  year={2011},
  organization={Citeseer}
}

@incollection{lin2012efficient,
  title={Efficient private proximity testing with gsm location sketches},
  author={Lin, Zi and Kune, Denis Foo and Hopper, Nicholas},
  booktitle={Financial Cryptography and Data Security},
  pages={73--88},
  year={2012},
  publisher={Springer}
}
@article{lu2011secure,
  title={A secure handshake scheme with symptoms-matching for mhealthcare social network},
  author={Lu, Rongxing and Lin, Xiaodong and Liang, Xiaohui and Shen, Xuemin},
  journal={Mobile Networks and Applications},
  volume={16},
  number={6},
  pages={683--694},
  year={2011},
  publisher={Springer}
}
@inproceedings{kissner2005privacy,
  title={Privacy-preserving set operations},
  author={Kissner, Lea and Song, Dawn},
  booktitle={Advances in Cryptology--CRYPTO 2005},
  pages={241--257},
  year={2005},
  organization={Springer}
}
@incollection{ye2008distributed,
  title={Distributed private matching and set operations},
  author={Ye, Qingsong and Wang, Huaxiong and Pieprzyk, Josef},
  booktitle={Information Security Practice and Experience},
  pages={347--360},
  year={2008},
  publisher={Springer}
}
@inproceedings{freedman2004efficient,
  title={Efficient private matching and set intersection},
  author={Freedman, Michael J and Nissim, Kobbi and Pinkas, Benny},
  booktitle={Advances in Cryptology-EUROCRYPT 2004},
  pages={1--19},
  year={2004},
  organization={Springer}
}
@incollection{de2010practical,
  title={Practical private set intersection protocols with linear complexity},
  author={De Cristofaro, Emiliano and Tsudik, Gene},
  booktitle={Financial Cryptography and Data Security},
  pages={143--159},
  year={2010},
  publisher={Springer}
}
@incollection{boneh2011functional,
  title={Functional encryption: Definitions and challenges},
  author={Boneh, Dan and Sahai, Amit and Waters, Brent},
  booktitle={Theory of Cryptography},
  pages={253--273},
  year={2011},
  publisher={Springer}
}
